@incollection{goodfellow2014generative,
    title = {Generative Adversarial Nets},
    author = {Goodfellow, Ian and 
        Pouget-Abadie, Jean and 
        Mirza, Mehdi and 
        Xu, Bing and 
        Warde-Farley, David and 
        Ozair, Sherjil and 
        Courville, Aaron and 
        Bengio, Yoshua},
    booktitle = {Advances in Neural Information Processing Systems 27},
    editor = {Z. Ghahramani and 
        M. Welling and C. Cortes and N. D. Lawrence and K. Q. Weinberger},
    pages = {2672--2680},
    year = {2014},
    publisher = {Curran Associates, Inc.},
    url = {http://papers.nips.cc/paper/5423-generative-adversarial-nets.pdf}
}

@ARTICLE{ganin2014unsupervised,
    title = {Unsupervised Domain Adaptation by Backpropagation},
    author = {Ganin, Yaroslav and Lempitsky, Victor},
    journal = {ArXiv e-prints},
    archivePrefix = {arXiv},
    eprint = {1409.7495},
    primaryClass = {stat.ML},
    keywords = {Statistics - Machine Learning, 
        Computer Science - Learning, 
        Computer Science - Neural and Evolutionary Computing},
    year = {2014},
    month = sep,
    adsurl = {http://adsabs.harvard.edu/abs/2014arXiv1409.7495G},
    adsnote = {Provided by the SAO/NASA Astrophysics Data System}
}
@article{leggetter1995maximum,
  title={Maximum likelihood linear regression for speaker adaptation of continuous density hidden Markov models},
  author={Leggetter, Christopher J and Woodland, Philip C},
  journal={Computer Speech \& Language},
  volume={9},
  number={2},
  pages={171--185},
  year={1995},
  publisher={Elsevier}
}
@article{hinton2012deep,
  title={Deep neural networks for acoustic modeling in speech recognition: The shared views of four research groups},
  author={Hinton, Geoffrey and Deng, Li and Yu, Dong and Dahl, George E and Mohamed, Abdel-rahman and Jaitly, Navdeep and Senior, Andrew and Vanhoucke, Vincent and Nguyen, Patrick and Sainath, Tara N and others},
  journal={IEEE Signal Processing Magazine},
  volume={29},
  number={6},
  pages={82--97},
  year={2012},
  publisher={IEEE}
}
